<record><leader>00000cas a2200000 a 4500</leader><controlfield tag="001">17729985</controlfield><controlfield tag="008">880404d19081922nyuwr ne      0    0eng c</controlfield><datafield ind1=" " ind2=" " tag="010"><subfield code="a">sn 88075673 </subfield></datafield><datafield ind1=" " ind2=" " tag="040"><subfield code="a">NYG</subfield><subfield code="b">eng</subfield><subfield code="c">NYG</subfield><subfield code="d">NYS</subfield><subfield code="d">OCLCQ</subfield><subfield code="d">OCLCF</subfield><subfield code="d">OCLCO</subfield></datafield><datafield ind1="1" ind2=" " tag="029"><subfield code="a">AU@</subfield><subfield code="b">000020493225</subfield></datafield><datafield ind1=" " ind2=" " tag="042"><subfield code="a">pcc</subfield></datafield><datafield ind1=" " ind2=" " tag="043"><subfield code="a">n-us-ny</subfield></datafield><datafield ind1="0" ind2="4" tag="245"><subfield code="a">The Larchmonter-times.</subfield></datafield><datafield ind1=" " ind2=" " tag="260"><subfield code="a">Larchmont, N.Y. :</subfield><subfield code="b">Larchmont Press</subfield></datafield><datafield ind1=" " ind2=" " tag="300"><subfield code="a">v.</subfield></datafield><datafield ind1=" " ind2=" " tag="310"><subfield code="a">Weekly</subfield></datafield><datafield ind1="1" ind2=" " tag="362"><subfield code="a">Began 1908.</subfield></datafield><datafield ind1="0" ind2=" " tag="362"><subfield code="a">-v. 26, no. 4 (Dec. 28, 1922).</subfield></datafield><datafield ind1=" " ind2=" " tag="500"><subfield code="a">"George P. Forbes, Prop."</subfield></datafield><datafield ind1="4" ind2=" " tag="510"><subfield code="a">Hufeland, O. Checklist</subfield><subfield code="c">117</subfield></datafield><datafield ind1=" " ind2=" " tag="530"><subfield code="a">Available on microfilm from Microfilm Records Systems.</subfield></datafield><datafield ind1=" " ind2=" " tag="588"><subfield code="a">Description based on: Vol. 6, no. 1 (Dec. 21, 1912).</subfield></datafield><datafield ind1=" " ind2=" " tag="588"><subfield code="a">Latest issue consulted: Vol. 18, no. 2 (Dec. 26, 1912).</subfield></datafield><datafield ind1=" " ind2="0" tag="651"><subfield code="a">Larchmont (N.Y.)</subfield><subfield code="v">Newspapers.</subfield></datafield><datafield ind1=" " ind2="0" tag="651"><subfield code="a">Mamaroneck (N.Y.)</subfield><subfield code="v">Newspapers.</subfield></datafield><datafield ind1=" " ind2="0" tag="651"><subfield code="a">Westchester County (N.Y.)</subfield><subfield code="v">Newspapers.</subfield></datafield><datafield ind1=" " ind2="7" tag="655"><subfield code="a">Newspapers.</subfield><subfield code="2">fast</subfield><subfield code="0">(OCoLC)fst01423814</subfield></datafield><datafield ind1=" " ind2="7" tag="651"><subfield code="a">New York (State)</subfield><subfield code="z">Larchmont.</subfield><subfield code="2">fast</subfield><subfield code="0">(OCoLC)fst01220664</subfield></datafield><datafield ind1=" " ind2="7" tag="651"><subfield code="a">New York (State)</subfield><subfield code="z">Mamaroneck.</subfield><subfield code="2">fast</subfield><subfield code="0">(OCoLC)fst01220355</subfield></datafield><datafield ind1=" " ind2="7" tag="651"><subfield code="a">New York (State)</subfield><subfield code="z">Westchester County.</subfield><subfield code="2">fast</subfield><subfield code="0">(OCoLC)fst01202684</subfield></datafield><datafield ind1=" " ind2=" " tag="752"><subfield code="a">United States</subfield><subfield code="b">New York</subfield><subfield code="c">Westchester</subfield><subfield code="d">Larchmont.</subfield></datafield><datafield ind1="0" ind2="0" tag="780"><subfield code="t">Larchmont times (:1901)</subfield></datafield><datafield ind1="0" ind2="0" tag="785"><subfield code="t">Larchmont times</subfield><subfield code="w">(DLC)sn 84031612</subfield><subfield code="w">(OCoLC)11458359</subfield></datafield></record>